@misc{link,
   author = {Daniel Ehnes},
   title = {The Magic of Intel’s SGX. A Tutorial on Programming a Secure Enclave},
   year = {2018},
   url = {https://medium.com/magicofc/the-magic-of-intels-sgx-how-to-hello-it-sec-world-fb0295d6c33b}
}

@article{Nargesian2019,
   author = {Fatemeh Nargesian and Erkang Zhu and Renée J. Miller and Ken Q. Pu and Patricia C. Arocena},
   doi = {10.14778/3352063.3352116},
   issn = {21508097},
   issue = {12},
   journal = {Proceedings of the VLDB Endowment},
   month = {8},
   pages = {1986-1989},
   publisher = {VLDB EndowmentPUB4722},
   title = {Data lake management},
   volume = {12},
   url = {https://dl.acm.org/doi/10.14778/3352063.3352116},
   year = {2019}
}

@article{Brasser2017,
   author = {Ferdinand Brasser and Urs Müller and Alexandra Dmitrienko and Kari Kostiainen and Srdjan Capkun and Ahmad Reza Sadeghi},
   journal = {11th USENIX Workshop on Offensive Technologies, WOOT 2017, co-located with USENIX Security 2017},
   month = {2},
   publisher = {USENIX Association},
   title = {Software Grand Exposure: SGX Cache Attacks Are Practical},
   url = {https://arxiv.org/abs/1702.07521v1},
   year = {2017}
}

@article{Schwarz2019,
   author = {Michael Schwarz and Samuel Weiser and Daniel Gruss},
   doi = {10.1007/978-3-030-22038-9_9},
   isbn = {9783030220372},
   issn = {16113349},
   journal = {Lecture Notes in Computer Science (including subseries Lecture Notes in Artificial Intelligence and Lecture Notes in Bioinformatics)},
   keywords = {Intel SGX,Malware,Trusted execution environments},
   month = {2},
   pages = {177-196},
   publisher = {Springer Verlag},
   title = {Practical Enclave Malware with Intel SGX},
   volume = {11543 LNCS},
   url = {https://arxiv.org/abs/1902.03256v1},
   year = {2019}
}

@article{Aumasson2016,
   author = {JP Aumasson and Luis Merino -Kudelski Security},
   title = {SGX Secure Enclaves in Practice: Security and Crypto Review},
   url = {https://github.com/kudelskisecurity/sgxfun},
   year = {2016}
}

@article{foreshadow,
   author = {Jo Van Bulck and Marina Minkin and Ofir Weisse and Daniel Genkin and Baris Kasikci and Frank Piessens and Mark Silberstein and Thomas F Wenisch and Yuval Yarom and Raoul Strackx and Ku Leuven},
   isbn = {978-1-939133-04-5},
   keywords = {Frank Piessens, imec-DistriNet, KU Leuven,Marina Minkin, Technion,Mark Silberstein, Technion,Ofir Weisse, Daniel Genkin, and Baris Kasikci, University of Michigan,Raoul Strackx, imec-DistriNet, KU Leuven https,Thomas F Wenisch, University of Michigan,Yuval Yarom, University of Adelaide and Data61,imec-DistriNet, KU Leuven},
   title = {Foreshadow: Extracting the Keys to the Intel SGX Kingdom with Transient Out-of-Order Execution}
}

